<?xml version="1.0" encoding="UTF-8"?><collection xmlns="http://www.loc.gov/MARC21/slim"><record><leader>00526nam--2200157-i-4500</leader><controlfield tag="001">000020863</controlfield><controlfield tag="002">20161230</controlfield><controlfield tag="005">20161230201033</controlfield><controlfield tag="008">060222s1000------------r-----000-0-eng-d</controlfield><datafield ind1=" " ind2=" " tag="020"><subfield code="a">92-826-4</subfield></datafield><datafield ind1=" " ind2=" " tag="080"><subfield code="a">621.039.7:539.163</subfield></datafield><datafield ind1=" " ind2=" " tag="100"><subfield code="a">M Montoto /S.A.</subfield></datafield><datafield ind1=" " ind2=" " tag="245"><subfield code="a">Natural analogue and microstructural studies in relation to radionuclide retardation by rock matrix diffusion in granite</subfield></datafield><datafield ind1=" " ind2=" " tag="260"><subfield code="a">Luxembourg: Office For Official Publications Of The European Communities, 1992 124 P</subfield></datafield><datafield ind1=" " ind2=" " tag="490"><subfield code="a">Eur 14352</subfield></datafield><datafield ind1=" " ind2=" " tag="852"><subfield code="a">80204</subfield></datafield></record></collection>